%YAML 1.1
%TAG !u! tag:unity3d.com,2011:
--- !u!1001 &100100000
Prefab:
  m_ObjectHideFlags: 1
  serializedVersion: 2
  m_Modification:
    m_TransformParent: {fileID: 0}
    m_Modifications: []
    m_RemovedComponents: []
  m_ParentPrefab: {fileID: 0}
  m_RootGameObject: {fileID: 1837899886307062}
  m_IsPrefabParent: 1
--- !u!1 &1292306921811548
GameObject:
  m_ObjectHideFlags: 0
  m_PrefabParentObject: {fileID: 0}
  m_PrefabInternal: {fileID: 100100000}
  serializedVersion: 5
  m_Component:
  - component: {fileID: 4339099414294410}
  m_Layer: 11
  m_Name: join
  m_TagString: Untagged
  m_Icon: {fileID: 0}
  m_NavMeshLayer: 0
  m_StaticEditorFlags: 4294967295
  m_IsActive: 1
--- !u!1 &1469542771676708
GameObject:
  m_ObjectHideFlags: 0
  m_PrefabParentObject: {fileID: 0}
  m_PrefabInternal: {fileID: 100100000}
  serializedVersion: 5
  m_Component:
  - component: {fileID: 4386592547629094}
  - component: {fileID: 64405689150455558}
  m_Layer: 9
  m_Name: visibility
  m_TagString: Untagged
  m_Icon: {fileID: 0}
  m_NavMeshLayer: 0
  m_StaticEditorFlags: 4294967295
  m_IsActive: 1
--- !u!1 &1484640354582536
GameObject:
  m_ObjectHideFlags: 0
  m_PrefabParentObject: {fileID: 0}
  m_PrefabInternal: {fileID: 100100000}
  serializedVersion: 5
  m_Component:
  - component: {fileID: 4935638458906212}
  m_Layer: 11
  m_Name: join
  m_TagString: Untagged
  m_Icon: {fileID: 0}
  m_NavMeshLayer: 0
  m_StaticEditorFlags: 4294967295
  m_IsActive: 1
--- !u!1 &1837899886307062
GameObject:
  m_ObjectHideFlags: 0
  m_PrefabParentObject: {fileID: 0}
  m_PrefabInternal: {fileID: 100100000}
  serializedVersion: 5
  m_Component:
  - component: {fileID: 4924611745856380}
  - component: {fileID: 114429429441255984}
  m_Layer: 11
  m_Name: obj_block_hall_corner_600_full
  m_TagString: Untagged
  m_Icon: {fileID: 0}
  m_NavMeshLayer: 0
  m_StaticEditorFlags: 4294967295
  m_IsActive: 1
--- !u!1 &1845299784050654
GameObject:
  m_ObjectHideFlags: 0
  m_PrefabParentObject: {fileID: 0}
  m_PrefabInternal: {fileID: 100100000}
  serializedVersion: 5
  m_Component:
  - component: {fileID: 4248232470545894}
  - component: {fileID: 33269538712551116}
  - component: {fileID: 23388257046390188}
  - component: {fileID: 64298751806615992}
  m_Layer: 11
  m_Name: mesh
  m_TagString: Untagged
  m_Icon: {fileID: 0}
  m_NavMeshLayer: 0
  m_StaticEditorFlags: 4294967295
  m_IsActive: 1
--- !u!4 &4248232470545894
Transform:
  m_ObjectHideFlags: 1
  m_PrefabParentObject: {fileID: 0}
  m_PrefabInternal: {fileID: 100100000}
  m_GameObject: {fileID: 1845299784050654}
  m_LocalRotation: {x: -0.7071068, y: 0, z: 0, w: 0.7071068}
  m_LocalPosition: {x: 0, y: 0, z: 0}
  m_LocalScale: {x: 1, y: 1, z: 1}
  m_Children: []
  m_Father: {fileID: 4924611745856380}
  m_RootOrder: 2
  m_LocalEulerAnglesHint: {x: 0, y: 0, z: 0}
--- !u!4 &4339099414294410
Transform:
  m_ObjectHideFlags: 1
  m_PrefabParentObject: {fileID: 0}
  m_PrefabInternal: {fileID: 100100000}
  m_GameObject: {fileID: 1292306921811548}
  m_LocalRotation: {x: -0, y: 0.7071067, z: -0, w: 0.7071068}
  m_LocalPosition: {x: -0.0000019073486, y: -0.00000059604633, z: -4.9999995}
  m_LocalScale: {x: 1, y: 1, z: 1}
  m_Children: []
  m_Father: {fileID: 4924611745856380}
  m_RootOrder: 0
  m_LocalEulerAnglesHint: {x: 0, y: 0, z: 0}
--- !u!4 &4386592547629094
Transform:
  m_ObjectHideFlags: 1
  m_PrefabParentObject: {fileID: 0}
  m_PrefabInternal: {fileID: 100100000}
  m_GameObject: {fileID: 1469542771676708}
  m_LocalRotation: {x: -0.7071068, y: 0, z: 0, w: 0.7071068}
  m_LocalPosition: {x: 0, y: 0, z: 0}
  m_LocalScale: {x: 1, y: 1, z: 1}
  m_Children: []
  m_Father: {fileID: 4924611745856380}
  m_RootOrder: 3
  m_LocalEulerAnglesHint: {x: 0, y: 0, z: 0}
--- !u!4 &4924611745856380
Transform:
  m_ObjectHideFlags: 1
  m_PrefabParentObject: {fileID: 0}
  m_PrefabInternal: {fileID: 100100000}
  m_GameObject: {fileID: 1837899886307062}
  m_LocalRotation: {x: -0, y: 0.7071062, z: -0, w: 0.7071075}
  m_LocalPosition: {x: 27.979984, y: 0, z: 14.98004}
  m_LocalScale: {x: 1, y: 1, z: 1}
  m_Children:
  - {fileID: 4339099414294410}
  - {fileID: 4935638458906212}
  - {fileID: 4248232470545894}
  - {fileID: 4386592547629094}
  m_Father: {fileID: 0}
  m_RootOrder: 0
  m_LocalEulerAnglesHint: {x: 0, y: 0, z: 0}
--- !u!4 &4935638458906212
Transform:
  m_ObjectHideFlags: 1
  m_PrefabParentObject: {fileID: 0}
  m_PrefabInternal: {fileID: 100100000}
  m_GameObject: {fileID: 1484640354582536}
  m_LocalRotation: {x: -0, y: -0.000000059604638, z: -0, w: 1}
  m_LocalPosition: {x: -5.000002, y: -5.684342e-14, z: -0.0000004768372}
  m_LocalScale: {x: 1, y: 1, z: 1}
  m_Children: []
  m_Father: {fileID: 4924611745856380}
  m_RootOrder: 1
  m_LocalEulerAnglesHint: {x: 0, y: 0, z: 0}
--- !u!23 &23388257046390188
MeshRenderer:
  m_ObjectHideFlags: 1
  m_PrefabParentObject: {fileID: 0}
  m_PrefabInternal: {fileID: 100100000}
  m_GameObject: {fileID: 1845299784050654}
  m_Enabled: 1
  m_CastShadows: 2
  m_ReceiveShadows: 1
  m_MotionVectors: 1
  m_LightProbeUsage: 1
  m_ReflectionProbeUsage: 1
  m_Materials:
  - {fileID: 2100000, guid: 525431f1ea5fb5e4fb9fc9bf410afe97, type: 2}
  m_StaticBatchInfo:
    firstSubMesh: 0
    subMeshCount: 0
  m_StaticBatchRoot: {fileID: 0}
  m_ProbeAnchor: {fileID: 0}
  m_LightProbeVolumeOverride: {fileID: 0}
  m_ScaleInLightmap: 1
  m_PreserveUVs: 0
  m_IgnoreNormalsForChartDetection: 0
  m_ImportantGI: 0
  m_SelectedEditorRenderState: 3
  m_MinimumChartSize: 4
  m_AutoUVMaxDistance: 0.5
  m_AutoUVMaxAngle: 89
  m_LightmapParameters: {fileID: 0}
  m_SortingLayerID: 0
  m_SortingOrder: 0
--- !u!33 &33269538712551116
MeshFilter:
  m_ObjectHideFlags: 1
  m_PrefabParentObject: {fileID: 0}
  m_PrefabInternal: {fileID: 100100000}
  m_GameObject: {fileID: 1845299784050654}
  m_Mesh: {fileID: 4300000, guid: e64703e6b5a8fec4db009ba555acb1be, type: 3}
--- !u!64 &64298751806615992
MeshCollider:
  m_ObjectHideFlags: 1
  m_PrefabParentObject: {fileID: 0}
  m_PrefabInternal: {fileID: 100100000}
  m_GameObject: {fileID: 1845299784050654}
  m_Material: {fileID: 0}
  m_IsTrigger: 0
  m_Enabled: 1
  serializedVersion: 2
  m_Convex: 0
  m_InflateMesh: 0
  m_SkinWidth: 0.01
  m_Mesh: {fileID: 4300000, guid: e64703e6b5a8fec4db009ba555acb1be, type: 3}
--- !u!64 &64405689150455558
MeshCollider:
  m_ObjectHideFlags: 1
  m_PrefabParentObject: {fileID: 0}
  m_PrefabInternal: {fileID: 100100000}
  m_GameObject: {fileID: 1469542771676708}
  m_Material: {fileID: 0}
  m_IsTrigger: 0
  m_Enabled: 1
  serializedVersion: 2
  m_Convex: 0
  m_InflateMesh: 0
  m_SkinWidth: 0.01
  m_Mesh: {fileID: 4300000, guid: e64703e6b5a8fec4db009ba555acb1be, type: 3}
--- !u!114 &114429429441255984
MonoBehaviour:
  m_ObjectHideFlags: 1
  m_PrefabParentObject: {fileID: 0}
  m_PrefabInternal: {fileID: 100100000}
  m_GameObject: {fileID: 1837899886307062}
  m_Enabled: 1
  m_EditorHideFlags: 0
  m_Script: {fileID: 11500000, guid: 8948a313341f3d64995dd592c47e5d23, type: 3}
  m_Name: 
  m_EditorClassIdentifier: 
  joins:
  - type: {fileID: 11400000, guid: ef7ad251407ada94782ea3eea2f003c6, type: 2}
    join: {fileID: 4339099414294410}
  - type: {fileID: 11400000, guid: ef7ad251407ada94782ea3eea2f003c6, type: 2}
    join: {fileID: 4935638458906212}
  walls:
  - height: 2
    corners:
    - {x: -4, y: 0}
    - {x: -3.944289, y: -0.6794534}
    - {x: -3.77858, y: -1.2631216}
    - {x: -3.5412583, y: -1.8546147}
    - {x: -3.2140284, y: -2.367619}
    - {x: -2.8203964, y: -2.831687}
    - {x: -2.3437808, y: -3.2401521}
    - {x: -1.8174355, y: -3.5594673}
    - {x: -1.2582762, y: -3.7970748}
    - {x: -0.64044034, y: -3.943489}
    - {x: -0, y: -4}
  - height: 2
    corners:
    - {x: -6, y: 0}
    - {x: -5.946961, y: -0.7542951}
    - {x: -5.8167553, y: -1.456876}
    - {x: -5.599618, y: -2.174765}
    - {x: -5.301331, y: -2.8132968}
    - {x: -4.9294124, y: -3.4297814}
    - {x: -4.4939446, y: -3.9954195}
    - {x: -3.992444, y: -4.4891815}
    - {x: -3.4367726, y: -4.9178905}
    - {x: -2.822069, y: -5.29419}
    - {x: -2.1628804, y: -5.5910645}
    - {x: -1.5189872, y: -5.8067784}
    - {x: -0.74931437, y: -5.952743}
    - {x: 0, y: -6}
